@ARTICLE{2018arXiv180610564S,
       author = {{Sanderson}, Robyn E. and {Wetzel}, Andrew and {Loebman}, Sarah and
        {Sharma}, Sanjib and {Hopkins}, Philip F. and {Garrison-Kimmel},
        Shea and {Faucher-Gigu{\`e}re}, Claude-Andr{\'e} and
        {Kere{\v{s}}}, Du{\v{s}}an and {Quataert}, Eliot},
        title = "{Synthetic Gaia surveys from the FIRE cosmological simulations of Milky-
        Way-mass galaxies}",
      journal = {ArXiv e-prints},
     keywords = {Astrophysics - Astrophysics of Galaxies, Astrophysics - Instrumentation
        and Methods for Astrophysics},
         year = 2018,
        month = Jun,
          eid = {arXiv:1806.10564},
        pages = {arXiv:1806.10564},
archivePrefix = {arXiv},
       eprint = {1806.10564},
 primaryClass = {astro-ph.GA},
       adsurl = {https://ui.adsabs.harvard.edu/#abs/2018arXiv180610564S},
      adsnote = {Provided by the SAO/NASA Astrophysics Data System}
}

@ARTICLE{2014MNRAS.437.1894O,
   author = {{O{\~n}orbe}, J. and {Garrison-Kimmel}, S. and {Maller}, A.~H. and 
  {Bullock}, J.~S. and {Rocha}, M. and {Hahn}, O.},
    title = "{How to zoom: bias, contamination and Lagrange volumes in multimass cosmological simulations}",
  journal = {\mnras},
archivePrefix = "arXiv",
   eprint = {1305.6923},
 keywords = {methods: numerical, galaxies: formation, galaxies: haloes, cosmology: theory},
     year = 2014,
    month = jan,
   volume = 437,
    pages = {1894-1908},
      doi = {10.1093/mnras/stt2020},
   adsurl = {http://adsabs.harvard.edu/abs/2014MNRAS.437.1894O},
  adsnote = {Provided by the SAO/NASA Astrophysics Data System}
}

@ARTICLE{1993ApJ...412..455K,
   author = {{Katz}, N. and {White}, S.~D.~M.},
    title = "{Hierarchical galaxy formation - Overmerging and the formation of an X-ray cluster}",
  journal = {\apj},
 keywords = {Dark Matter, Galactic Clusters, Galactic Evolution, X Ray Sources, Baryons, Cosmic Gases, Galactic Mass},
     year = 1993,
    month = aug,
   volume = 412,
    pages = {455-478},
      doi = {10.1086/172935},
   adsurl = {http://adsabs.harvard.edu/abs/1993ApJ...412..455K},
  adsnote = {Provided by the SAO/NASA Astrophysics Data System}
}